%1. Boston Dynamics, “Boston Dynamics COVID-19 Response” Boston Dynamics , April 23, 2020. [Online]. Available: www.bostondynamics.com [Accessed: Sep. 2, 2020].
@misc{boston2020boston,
author={{Boston Dynamics}},
year={2020},
title={{Boston Dynamics} {COVID-19} response},
howpublished={\url{www.bostondynamics.com}}}

%2. "Coronavirus Disease 2019 (COVID-19)", Centers for Disease Control and Prevention, 2020. [Online]. Available: https://www.cdc.gov/coronavirus/2019-ncov/prevent-getting-sick/social-distancing.html. [Accessed: 02- Sep- 2020].
@misc{cdc2020coronavirus,
author={{Centers for Disease Control and Prevention}},
year={2020},
title={Coronavirus Disease 2019 ({COVID-19})},
howpublished={\url{https://www.cdc.gov/coronavirus/2019-ncov/prevent-getting-sick/social-distancing.html}}}

%3. H. Cai, B. Tu, J. Ma, L. Chen, L. Fu, Y. Jiang and Q. Zhuang, "Psychological impacts and coping strategies of front-line medical staff during COVID-19 outbreak in Hunan, China", Medical Science Monitor, vol. 26, 2020.
@article{cai2020psychological,
author={Cai, H and Tu, B and Ma, J and Chen, L and Fu, L and Jiang,Y and Zhuang, Q},
year={2020},
title={Psychological impacts and coping strategies of front-line medical staff during {COVID-19} outbreak in {H}unan, {C}hina},
journal={Medical Science Monitor},
volume={26},
pages={??}}

%4. J. Mendoza-Soto, J. Corona-Sánchez and H. Rodríguez- Cortés, "Quadcopter Path Following Control. A Maneuvering Approach", Journal of Intelligent & Robotic Systems, vol. 93, no. 1-2, pp. 73-84, 2018.
@article{mendoza2018quadcopter,
author={Mendoza-Soto, J and Corona-S\'{a}nchez, J and Rodriguez-Cort\'{e}s, H},
year={2018},
title={Quadcopter path following control: a maneuvering approach},
journal={Journal of Intelligent and Robotic Systems},
volume={93},
pages={73--84}}

%5. K. P Rane, "Design and Development of Low Cost Humanoid Robot with Thermal Temperature Scanner for COVID-19 Virus Preliminary Identification", International Journal of Advanced Trends in Computer Science and Engineering, vol. 9, no. 3, pp. 3485-3493, 2020. Available: 10.30534/ijatcse/2020/153932020.
@article{rane2020design,
author={Rane, K P},
year={2020},
title={Design and development of low cost humanoid robot with thermal temperature scanner for {COVID-19} virus preliminary identification},
journal={International Journal of Advanced Trends in Computer Science and Engineering},
volume={9},
issue={3},
pages={3485--3493},
doi={10.30534/ijatcse/2020/153932020}}

%6. M. Tavakoli, J. Carriere and A. Torabi, "Robotics, Smart Wearable Technologies, and Autonomous Intelligent Systems for Healthcare During the COVID‐19 Pandemic: An Analysis of the State of the Art and Future Vision", Advanced Intelligent Systems, vol. 2, no. 7, p. 2000071, 2020.
@article{tavakoli2020robotics,
author={Tavakoli, M and Carriere, J and Torabi, A},
year={2020},
title={Robotics, smart wearable technologies, and autonomous intelligent systems for healthcare during the {COVID-19} pandemic: an analysis of the state of the art and future vision},
journal={Advanced Intelligent Systems},
volume={2},
issue={7},
pages={2000071}}
